<record><leader>00000cas a2200000La 4500</leader><controlfield tag="001">173889912</controlfield><controlfield tag="007">hd afu---buuu</controlfield><controlfield tag="008">911002d18851890njumr neb     0    0eng d</controlfield><datafield ind1=" " ind2=" " tag="010"><subfield code="a">sn 91064043 </subfield></datafield><datafield ind1=" " ind2=" " tag="040"><subfield code="a">NJW</subfield><subfield code="b">eng</subfield><subfield code="c">NJR</subfield><subfield code="d">OCLCQ</subfield></datafield><datafield ind1=" " ind2=" " tag="043"><subfield code="a">n-us-nj</subfield></datafield><datafield ind1="0" ind2=" " tag="130"><subfield code="a">Mason's monthly (Vineland, N.J.)</subfield></datafield><datafield ind1="1" ind2="0" tag="245"><subfield code="a">Mason's monthly</subfield><subfield code="h">[microform].</subfield></datafield><datafield ind1=" " ind2=" " tag="260"><subfield code="a">Vineland, N.J. :</subfield><subfield code="b">Joseph Mason</subfield></datafield><datafield ind1=" " ind2=" " tag="300"><subfield code="a">v.</subfield></datafield><datafield ind1=" " ind2=" " tag="310"><subfield code="a">Monthly</subfield></datafield><datafield ind1="1" ind2=" " tag="362"><subfield code="a">Began in 1885.</subfield></datafield><datafield ind1="0" ind2=" " tag="362"><subfield code="a">-v. 6, no. 12 (Dec. 1890).</subfield></datafield><datafield ind1=" " ind2=" " tag="588"><subfield code="a">Description based on: Sept. 1885.</subfield></datafield><datafield ind1=" " ind2=" " tag="533"><subfield code="a">Microfilm.</subfield><subfield code="b">Trenton, N.J. :</subfield><subfield code="c">New Jersey Newspaper Project,</subfield><subfield code="d">19uu.</subfield><subfield code="e">microfilm reels ; 35 mm.</subfield><subfield code="n">Filmed with: Monthly recorder and the Recorder and the Recorder and welcome guest.</subfield></datafield><datafield ind1=" " ind2="0" tag="651"><subfield code="a">Vineland (N.J.)</subfield><subfield code="v">Newspapers.</subfield></datafield><datafield ind1=" " ind2=" " tag="752"><subfield code="a">United States</subfield><subfield code="b">New Jersey</subfield><subfield code="c">Cumberland</subfield><subfield code="d">Vineland.</subfield></datafield><datafield ind1="0" ind2="0" tag="785"><subfield code="t">Monthly recorder (Vineland, N.J.)</subfield><subfield code="w">(DLC)sn 91064044</subfield></datafield></record>